@MASTERSTHESIS{Otte, 
author = {Robin Nils Otte}, 
title = {Physically Based Modeling and Animation of Rigid Body Systems}, 
school = {University of Auckland, New Zealand}, 
year = {1999}
}

@MASTERSTHESIS{Lee, 
author = {Jun Jae Lee}, 
title = {Physically Based Rigid Body Animation System}, 
school = {University of Auckland, New Zealand}, 
year = {1997}
}

@InProceedings{PanneLamouret,
  author =	"Michiel van de Panne and Alexis Lamouret",
  title =	"Guided Optimization for Balanced Locomotion",
  booktitle =	"6th Eurographics Workshop on Animation and Simulation",
  month =	"september",
  year =	"1995",
  url =		"http://www-imagis.imag.fr/Publications/1995/vL95"
}

@inproceedings{InteractiveControl,
 author = {Joseph Laszlo and Michiel {van de Panne} and Eugene Fiume},
 title = {Interactive control for physically-based animation},
 booktitle = {Proceedings of the 27th annual conference on Computer graphics and interactive techniques},
 year = {2000},
 isbn = {1-58113-208-5},
 pages = {201--208},
 doi = {http://doi.acm.org/10.1145/344779.344876},
 publisher = {ACM Press/Addison-Wesley Publishing Co.},
 }

@inproceedings{FastPenDepth,
 author = {Young J. Kim and Miguel A. Otaduy and Ming C. Lin and Dinesh Manocha},
 title = {Fast penetration depth computation for physically-based animation},
 booktitle = {Proceedings of the 2002 ACM SIGGRAPH/Eurographics symposium on Computer animation},
 year = {2002},
 isbn = {1-58113-573-4},
 pages = {23--31},
 location = {San Antonio, Texas},
 doi = {http://doi.acm.org/10.1145/545261.545266},
 publisher = {ACM Press},
 }

@inproceedings{NgoMarks,
 author = {J. Thomas Ngo and Joe Marks},
 title = {Spacetime constraints revisited},
 booktitle = {Proceedings of the 20th annual conference on Computer graphics and interactive techniques},
 year = {1993},
 isbn = {0-89791-601-8},
 pages = {343--350},
 doi = {http://doi.acm.org/10.1145/166117.166160},
 publisher = {ACM Press},
 }

@inproceedings{GrzeszczukTerzopoulos,
 author = {Radek Grzeszczuk and Demetri Terzopoulos},
 title = {Automated learning of muscle-actuated locomotion through control abstraction},
 booktitle = {Proceedings of the 22nd annual conference on Computer graphics and interactive techniques},
 year = {1995},
 isbn = {0-89791-701-4},
 pages = {63--70},
 doi = {http://doi.acm.org/10.1145/218380.218411},
 publisher = {ACM Press},
 }

@inproceedings{SandersLobbRiddle,
 author = {Michael Sanders and Richard Lobb and Patricia Riddle},
 title = {Evolving controllers for virtual creature locomotion},
 booktitle = {Proceedings of the 1st international conference on Computer graphics and interactive techniques in Austalasia and South East Asia},
 year = {2003},
 isbn = {1-58113-578-5},
 pages = {255--256},
 location = {Melbourne, Australia},
 doi = {http://doi.acm.org/10.1145/604471.604522},
 note = {\url{http://doi.acm.org/10.1145/604471.604522}},
 publisher = {ACM Press},
 }
 
 @inproceedings{BaraffFriction,
 author = {David Baraff},
 title = {Coping with friction for non-penetrating rigid body simulation},
 booktitle = {Proceedings of the 18th annual conference on Computer graphics and interactive techniques},
 year = {1991},
 isbn = {0-89791-436-8},
 pages = {31--41},
 doi = {http://doi.acm.org/10.1145/122718.122722},
 publisher = {ACM Press},
 }

@article{DesigningAPCGameEngine,
	author={Lars Bishop and David Eberly and Turner Whitted and Mark Finch and Michael Shantz},
	title = {Designing a PC Game Engine},
	publisher = {IEEE},
	journal = {IEEE Computer Graphics and Applications},
	year = {1998},
}
	
@PHDTHESIS{RusselSmith,
author = {Russel Smith},
title = {Intelligent Motion Control with an Artificial Cerebellum},
school = {University of Auckland, New Zealand},
year = {1998}
}

@BOOK{Genta,
author = {Giancarlo Genta},
title = {Motor Vehicle Dynamics},
publisher = {World Scientific Publishing},
year = {1997}
}

@BOOK{ODEKaplan,
author = {Wilfred Kaplan},
title = {Ordinary Differential Equations},
publisher = {Addison-Wesley},
}

@BOOK{CalcKaplan,
author = {Wilfred Kaplan},
title = {Advanced Calculus},
edition ={2nd},
publisher = {Addison-Wesley},
}

@inproceedings{Shoemake,
 author = {Ken Shoemake},
 title = {Animating rotation with quaternion curves},
 booktitle = {Proceedings of the 12th annual conference on Computer graphics and interactive techniques},
 year = {1985},
 isbn = {0-89791-166-0},
 pages = {245--254},
 doi = {http://doi.acm.org/10.1145/325334.325242},
 publisher = {ACM Press},
 }

@inproceedings{Cohen,
    author = "Jonathan D. Cohen and Ming C. Lin and Dinesh Manocha and Madhav K. Ponamgi",
    title = "I-{COLLIDE}: An Interactive and Exact Collision Detection System for Large-Scale Environments",
    booktitle = "Symposium on Interactive 3D Graphics",
    pages = "189-196, 218",
    year = "1995",
    url = "citeseer.ist.psu.edu/cohen95icollide.html" }
    
@book{NumRecipes,
 author = {William H. Press and Saul A. Teukolsky and William T. Vetterling and Brian P. Flannery},
 title = {Numerical Recipes in C: The Art of Scientific Computing},
 year = {1992},
 isbn = {0521437148},
 publisher = {Cambridge University Press},
 }
 
@BOOK{ComputationalDynamics,
author = {Ahmed Shabana},
title = {Computational Dynamics},
publisher = {John Wiley and Sons},
year = {1994}
}

@BOOK{Ross,
author = {Clay C. Ross},
title = {Differential Equations An Introduction with Mathematica},
publisher = {Springer-Verlag},
year = {1995}
}

@BOOK{Bourg,
author = {David M Bourg},
title = {Physics for Game Developers},
publisher = {O'Reilly and Associates Inc},
year = {2002},
edition = {1st}
}

@BOOK{NagleSaff,
author = {R Nagle and B Saff},
title = {Fundamentals of Differential Equations},
publisher = {Addison-Wesley},
year = {1996},
edition = {4th}
}

@BOOK{Wells,
author = {Dare Wells},
title = {Theory and Problems of Lagrangian Dynamics},
publisher = {McGraw-Hill},
year = {1967},
edition = {1st}
}

@BOOK{Goldstein,
author = {Herbet Goldstein},
title = {Classical Mechanics},
publisher = {Addison-Wesley},
year = {1981},
edition = {2nd}
}

@UNPUBLISHED{PBMNotes,
author = {Andrew Witkin and David Baraff},
title = {1997 SIGGRAPH Course Notes},
note = {\url{http://www-2.cs.cmu.edu/afs/cs.cmu.edu/user/baraff/www/sigcourse/}}
}

@BOOK{Iro,
author = {Harold Iro},
title = {A Modern Approach to Classical Mechanics},
publisher = {World Scientific},
year = {2002},
edition = {1st}
}

@BOOK{Eberly,
author = {David Eberly},
title = {3D Game Engine Design},
publisher = {Morgan Kaufman},
year = {2001},
edition = {1st}
}

@inproceedings{InteractiveColDet,
    author = "P. M. Hubbard",
    title = "Interactive Collision Detection",
    pages = "24--32",
    url = "citeseer.ist.psu.edu/hubbard93interactive.html" }

@book{BGL,
author = {Jeremy Siek and Lee-Quan Lee and Andrew Lumsdaine},
title = {The Boost Graph Library: User Guide and Reference Manual},
publisher = {Addison-Wesley},
year = {2002},
}

@book{Watt,
 author = {Alan Watt},
 title = {3D Computer Graphics},
 year = {2000},
 publisher = {Addison-Wesley},
 edition = {3rd}
 }

@book{MollerHaines,
 author = {Tomas Moller and Eric Haines},
 title = {Real-Time Rendering},
 year = {1999},
 publisher = {AK Peters},
 }

@book{Stroustrup,
 author = {Bjarne Stroustrup},
 title = {The  C++ Programming Language, Third Edition},
 year = {1997},
 isbn = {0201889544},
 publisher = {Addison-Wesley Longman Publishing Co., Inc.},
 }
 
@book{Alexandrescu,
 author = {Andrei Alexandrescu},
 title = {Modern C++ Design: Generic Programming and Design Patterns Applied},
 year = {2001}, 
 publisher = {Addison-Wesley},
}
 
@UNPUBLISHED{DurrantFraser,
author = {C J Durrant and W B Fraser},
title = {Lagrangian Dyanmics},
note = {\url{http://www.maths.usyd.edu.au/u/UG/IM/MATH2004/}}
}

@UNPUBLISHED{ODEFixedAngle,
author = {Russell Smith},
title = {ODE Website},
note = {\url{http://opende.sourceforge.net/slides/slide7.html}}
}

@UNPUBLISHED{Beckman,
author = {Brian Beckman},
title = {The Physics of Racing},
note = {\url{http://www.miata.net/sport/Physics/index.html}}
}

@inproceedings{BarzelBarr,
 author = {Ronen Barzel and Alan H. Barr},
 title = {A modeling system based on dynamic constraints},
 booktitle = {Proceedings of the 15th annual conference on Computer graphics and interactive techniques},
 year = {1988},
 isbn = {0-89791-275-6},
 pages = {179--188},
 doi = {http://doi.acm.org/10.1145/54852.378509},
 note = {\url{http://doi.acm.org/10.1145/54852.378509}},
 publisher = {ACM Press},
 }

@inproceedings{PracticalDynamics,
 author = {Zoran Kacic-Alesic and Marcus Nordenstam and David Bullock},
 title = {A practical dynamics system},
 booktitle = {Proceedings of the 2003 ACM SIGGRAPH/Eurographics Symposium on Computer Animation},
 year = {2003},
 isbn = {1-58113-659-5},
 pages = {7--16},
 location = {San Diego, California},
 publisher = {Eurographics Association},
 }

@inproceedings{TuTerzopoulos,
 author = {Xiaoyuan Tu and Demetri Terzopoulos},
 title = {Artificial fishes: physics, locomotion, perception, behavior},
 booktitle = {Proceedings of the 21st annual conference on Computer graphics and interactive techniques},
 year = {1994},
 isbn = {0-89791-667-0},
 pages = {43--50},
 doi = {http://doi.acm.org/10.1145/192161.192170},
 publisher = {ACM Press},
 }

@inproceedings{GrzeszczukTerzopoulosHinton,
 author = {Radek Grzeszczuk and Demetri Terzopoulos and Geoffrey Hinton},
 title = {NeuroAnimator: fast neural network emulation and control of physics-based models},
 booktitle = {Proceedings of the 25th annual conference on Computer graphics and interactive techniques},
 year = {1998},
 isbn = {0-89791-999-8},
 pages = {9--20},
 doi = {http://doi.acm.org/10.1145/280814.280816},
 publisher = {ACM Press},
 }

@article{Terzopoulos,
 author = {Demetri Terzopoulos},
 title = {Artificial life for computer graphics},
 journal = {Commun. ACM},
 volume = {42},
 number = {8},
 year = {1999},
 issn = {0001-0782},
 pages = {32--42},
 doi = {http://doi.acm.org/10.1145/310930.310966},
 publisher = {ACM Press},
 }

@inproceedings{McKennaZeltzer,
 author = {Michael McKenna and David Zeltzer},
 title = {Dynamic simulation of autonomous legged locomotion},
 booktitle = {Proceedings of the 17th annual conference on Computer graphics and interactive techniques},
 year = {1990},
 isbn = {0-201-50933-4},
 pages = {29--38},
 location = {Dallas, TX, USA},
 note = {\url{http://doi.acm.org/10.1145/97879.97882}},
 publisher = {ACM Press},
 }

@inproceedings{FaloutsosvandePanneTerzopolous,
	author = {Petros Faloutsos and Michiel {van de Panne} and Demetri Terzopoulos},
	title = {Composable controllers for physics-based character animation},
	booktitle = {Proceedings of the 28th annual conference on Computer graphics and interactive techniques},
	year = {2001},
	isbn = {1-58113-374-X},
	pages = {251--260},
	note = {\url{http://doi.acm.org/10.1145/383259.383287}},
	publisher = {ACM Press},
}

@inproceedings{Sims,
 author = {Karl Sims},
 title = {Evolving virtual creatures},
 booktitle = {Proceedings of the 21st annual conference on Computer graphics and interactive techniques},
 year = {1994},
 isbn = {0-89791-667-0},
 pages = {15--22},
 note = {\url{http://doi.acm.org/10.1145/192161.192167}},
 publisher = {ACM Press},
 }
 
 @article{Burges,
 author = {Christopher J. C. Burges},
 title = {A Tutorial on Support Vector Machines for Pattern Recognition},
 journal = {Data Min. Knowl. Discov.},
 volume = {2},
 number = {2},
 year = {1998},
 issn = {1384-5810},
 pages = {121--167},
 doi = {http://dx.doi.org/10.1023/A:1009715923555},
 note = {\url{http://dx.doi.org/10.1023/A:1009715923555}},
 publisher = {Kluwer Academic Publishers},
 }
 
 @article{BennetCampbell,
 author = {Kristin P. Bennett and Colin Campbell},
 title = {Support vector machines: hype or hallelujah?},
 journal = {SIGKDD Explor. Newsl.},
 volume = {2},
 number = {2},
 year = {2000},
 pages = {1--13},
 doi = {http://doi.acm.org/10.1145/380995.380999},
 publisher = {ACM Press},
 }

@article{LangtangenMunthe,
 author = {Hans Petter Langtangen and Otto Munthe},
 title = {Solving systems of partial differential equations using object-oriented programming techniques with coupled heat and fluid flow as example},
 journal = {ACM Trans. Math. Softw.},
 volume = {27},
 number = {1},
 year = {2001},
 issn = {0098-3500},
 pages = {1--26},
 doi = {http://doi.acm.org/10.1145/382043.382045},
 note = {\url{http://doi.acm.org/10.1145/382043.382045}},
 publisher = {ACM Press},
}
 
@article{ClinePai,
author = {Michael B. Cline and Dinesh K. Pai},
title = {Post-Stabilization for Rigid Body Simulation with Contact and Constraints},
booktitle = {IEEE Intl. Conf. on Robotics and Automation},
year = {2003},
note = {\url{http://www.cs.rutgers.edu/~dpai/papers/ClinePai03.pdf}},
}

@article{LangerKreft,
author = {Angelika Langer and Klaus Kreft},
title = {C++ Expression Templates},
journal = {C/C++ Users Journal},
year = {2003},
month = {March},
note = {\url{http://www.cuj.com/documents/s=8232/cuj0303langer/}},
}

@INPROCEEDINGS{Baumgarte,
author = {J Baumgarte},
title = {Stabilization of Constraints and Integrals of Motion in Dynamical Systems},
booktitle = {Computer Methods in Applied Mechanics and Engineering},
year = {1972},
publisher = {Amsterdam : North-Holland Pub. Co}
}

@inproceedings{IsaacsCohen,
 author = {Paul M. Isaacs and Michael F. Cohen},
 title = {Controlling dynamic simulation with kinematic constraints},
 booktitle = {Proceedings of the 14th annual conference on Computer graphics and interactive techniques},
 year = {1987},
 isbn = {0-89791-227-6},
 pages = {215--224},
 doi = {http://doi.acm.org/10.1145/37401.37428},
 publisher = {ACM Press},
 }

@ARTICLE{Hahn,
author = {James Hahn},
title = {Realistic Animation of Rigid Bodies},
journal = {ACM Computer Graphics},
volume = {22},
number = {4},
pages = {299-308},
year = {1988}
}

@inproceedings{Mirtich,
    author = "Brian Mirtich and John F. Canny",
    title = "Impulse-Based Simulation of Rigid Bodies",
    booktitle = "Symposium on Interactive 3D Graphics",
    pages = "181-188, 217",
    year = "1995",
    url = "citeseer.ist.psu.edu/article/mirtich95impulsebased.html" 
}

@BOOK{Featherstone,
	author = {R Featherstone},
	title = {Robot Dynamics Algorithms},
	publisher = {Kluwer Academic Publishers},
	year = {1997}
}

@inproceedings{AutoGait,
 author = {Harold C. Sun and Dimitris N. Metaxas},
 title = {Automating gait generation},
 booktitle = {Proceedings of the 28th annual conference on Computer graphics and interactive techniques},
 year = {2001},
 isbn = {1-58113-374-X},
 pages = {261--270},
 doi = {http://doi.acm.org/10.1145/383259.383288},
 publisher = {ACM Press},
 }
 
@Article{Veldhuizen95b,
  author =       "Todd L. Veldhuizen",
  title =        "Expression templates",
  journal =      "C++ Report",
  volume =       "7",
  number =       "5",
  pages =        "26--31",
  month =        jun,
  year =         "1995",
  note =         "Reprinted in C++ Gems, ed. Stanley Lippman",
  coden =        "CRPTE7",
  ISSN =         "1040-6042",
  bibdate =      "Tue Mar 25 13:34:48 MST 1997",
  abstract =     "The technique of expression templates is a powerful
                 and convenient alternative to C-style callback
                 functions. It allows logical and algebraic expressions
                 to be passed to functions as arguments, and inlined
                 directly into the function body. Expression templates
                 also solve the problem of evaluating vector and matrix
                 expressions in a single pass without temporaries.",
  acknowledgement = ack-nhfb,
  affiliation =  "Dept. of Syst. Design Eng., Waterloo Univ., Ont.,
                 Canada",
  classcodes =   "C6110J (Object-oriented programming); C6115
                 (Programming support); C4140 (Linear algebra); C6120
                 (File organisation)",
  classification = "C4140 (Linear algebra); C6110J (Object-oriented
                 programming); C6115 (Programming support); C6120 (File
                 organisation)",
  corpsource =   "Dept. of Syst. Design Eng., Waterloo Univ., Ont.,
                 Canada",
  keywords =     "abstract data types; Algebraic expressions; algebraic
                 expressions; Arguments; arguments; C language; C-style
                 callback functions; Expression templates; expression
                 templates; expressions; libraries; logical; Logical
                 expressions; matrix; matrix algebra; Matrix
                 expressions; object-; object-oriented programming;
                 oriented languages; Single pass; single pass; software;
                 Vector expressions; vector expressions",
  thesaurus =    "Abstract data types; C language; Matrix algebra;
                 Object-oriented languages; Object-oriented programming;
                 Software libraries",
  treatment =    "T Theoretical or Mathematical",
}

@inproceedings{RaibertHodgins,
 author = {Marc H. Raibert and Jessica K. Hodgins},
 title = {Animation of dynamic legged locomotion},
 booktitle = {Proceedings of the 18th annual conference on Computer graphics and interactive techniques},
 year = {1991},
 isbn = {0-89791-436-8},
 pages = {349--358},
 doi = {http://doi.acm.org/10.1145/122718.122755},
 publisher = {ACM Press},
 }
 
@inproceedings{vandePanne,
 author={M van de Panne},
 title = {Parameterized gait synthesis},
 booktitle = {IEEE Computer Graphics and Application},
 pages={40-49},
 year={1996},
}

@inproceedings{SpacetimeConstraints,
 author = {Andrew Witkin and Michael Kass},
 title = {Spacetime constraints},
 booktitle = {Proceedings of the 15th annual conference on Computer graphics and interactive techniques},
 year = {1988},
 isbn = {0-89791-275-6},
 pages = {159--168},
 doi = {http://doi.acm.org/10.1145/54852.378507},
 publisher = {ACM Press},
 }

 @inproceedings{97904,
 author = {Michiel {van de Panne} and Eugene Fiume and Zvonko Vranesic},
 title = {Reusable motion synthesis using state-space controllers},
 booktitle = {Proceedings of the 17th annual conference on Computer graphics and interactive techniques},
 year = {1990},
 isbn = {0-201-50933-4},
 pages = {225--234},
 location = {Dallas, TX, USA},
 doi = {http://doi.acm.org/10.1145/97879.97904},
 publisher = {ACM Press},
 }
 

