@MASTERSTHESIS{Otte, 
author = {Robin Nils Otte}, 
title = {Physically Based Modeling and Animation of Rigid Body Systems}, 
school = {University of Auckland, New Zealand}, 
year = {1999}
} 

@BOOK{Genta,
author = {Giancarlo Genta},
title = {Motor Vehicle Dynamics},
publisher = {World Scientific Publishing},
year = {1997}
}

@BOOK{Bourg,
author = {David M Bourg},
title = {Physics for Game Developers},
publisher = {O'Reilly and Associates Inc},
year = {2002},
edition = {1st}
}

@UNPUBLISHED{Beckman,
author = {Brian Beckman},
title = {The Physics of Racing},
note = { http://www.miata.net /sport/Physics/index.html}
}
